@online{arduino_at_mode,
  author = {DIGI},
  title = {XBee transparent mode},
  year = 2015,
  url = {https://docs.digi.com/display/WirelessConnectivityKit/Command+mode},
  urldate = {2015-12-15}
}

@online{xbee_arduino_library,
  author = {Andrew Rapp},
  title = {xbee-arduino},
  year = 2015,
  url = {https://github.com/andrewrapp/xbee-arduino},
  urldate = {2015-12-15}
}

@online{datasheet_pir1,
  author = {robotshop},
  title = {Seeedstudio Grove PIR Motion Sensor},
  year = 2015,
  url = {http://www.robotshop.com/media/files/PDF/datasheet-sen32357p.pdf},
  urldate = {2015-09-22}
}
@online{power_usage,
  author = {Tony Dicola},
  title = {Power Usage},
  year = {2015},
  url = {https://learn.adafruit.com/embedded-linux-board-comparison/power-usage},
  urldate={2015-10-14}
}

@online{power_usage_ard,
  author={Igor},
  title={Arduino Power Consumption Normal \& Sleep},
  year={2013},
  url={http://gadgetmakersblog.com/arduino-power-consumption/},
  urldate={2015-10-14}
}

@online{power_usage_teen,
  author={PRJC},
  title={Typical Current Consumed By Teensy},
  year={2010},
  url={http://www.pjrc.com/teensy/low_power.html},
  urldate={2015-10-14}
}

@online{datasheet_pir2,
  author = {robotshop},
  title = {BISS0001 Micro Power PIR Motion Detector IC},
  year = 2015,
  url = {http://www.seeedstudio.com/wiki/images/2/2f/Twig_-_BISS0001.pdf},
  urldate = {2015-09-22}
}

@UNPUBLISHED{world_as_a_process,
  author = {Stephan Hartmann},
  title = {The World as a Process: Simulation in the Natural and Social Sciences},
  owner = {Abstrakten},
  timestamp = {2015.05.25}
}

@Book{mathiassen2001objektorienteret,
  Title                    = {Objektorienteret analyse \& design},
  Author                   = {Mathiassen, Lars and Munk-Madsen, Andreas and Nielsen, Peter Axel and Stage, Jan},
  Year                     = {2001},
  Edition                  = {3. udgave},
  ISBN                     = {978-87-7751-153-0},
  Location                 = {Aalborg},
  Publisher                = {Forlaget Marko}
}

@online{wiki_x10,
  author = {Wikipedia},
  title = {X10 (Industry standard)},
  year = 2015,
  url = {https://en.wikipedia.org/wiki/X10_%28industry_standard%29},
  urldate = {2015-09-20}
}

@online{wiki_markov_chain,
  author = {Wikipedia},
  title = {Markov chain},
  year = 2015,
  url = {https://en.wikipedia.org/wiki/Markov_chain},
  urldate = {2015-12-12}
}

@online{insteon,
  author = {Intesteon},
  title = {Insteon WHITEPAPER: The Details},
  year = 2013,
  url = {insteon.com/pdf/insteondetails.pdf},
  urldate = {2015-09-20}
}

@online{zwave,
  author = {Z-Wave},
  title = {About Z-Wave Technology},
  year = 2015,
  url = {http://z-wavealliance.org/about_z-wave_technology/},
  urldate = {2015-19-12}
}

@online{zigbee,
  author = {ZigBee Alliance},
  title = {ZigBee PRO with Green Power},
  year = 2015,
  url = {http://www.zigbee.org/zigbee-for-developers/network-specifications/zigbeepro/},
  urldate = {2015-12-19}
}

@online{wifi,
  author = {IEEE},
  title = {Part 11: Wireless LAN Medium Access Control (MAC) and Physical Layer (PHY) Specifications },
  year = 2015,
  url = {http://standards.ieee.org/getieee802/download/802.11-2012.pdf},
  urldate = {2015-09-20}
}

@online{bluetooth,
  author = {Unknown},
  title = {Specification of the Bluetooth System, v4.2},
  year = 2015,
  url = {https://www.bluetooth.org/DocMan/handlers/DownloadDoc.ashx?doc_id=286439},
  urldate = {2015-09-20}
}

@online{wiki_upb,
  author = {Wikipedia},
  title = {Universal powerline bus},
  year = 2015,
  url = {https://en.wikipedia.org/wiki/Universal_powerline_bus},
  urldate = {2015-09-20}
}

@online{lux_scale,
  author = {Stefan Michalski},
  title = {Agent of Deterioration: Light, Ultraviolet and Infrared},
  year = 2015,
  url = {http://www.cci-icc.gc.ca/resources-ressources/agentsofdeterioration-agentsdedeterioration/chap08-eng.aspx},
  urldate = {2015-10-05}
}

@online{unix_epoch,
  author = {Dan's Tools},
  title = {What is the unix time stamp?},
  year = 2015,
  url = {http://www.unixtimestamp.com/},
  urldate = {2015-12-18}
}

@online{photoresistor_sheet,
  author = {PerkinElmer Optoelectronics},
  title = {Photoconductive Cells and Analog Optoisolators (Vactrols)},
  year = 2011,
  url = {http://pdf.datasheetarchive.com/datasheetsmain/Datasheets-25/DSA-486761.pdf},
  urldate = {2015-10-05}
}

@techreport{HAInterviews,
  author  = {A.J. Bernheim Brush and Bongshin Lee and Ratul Mahajan and Sharad Agarwal and Stefan Saroiu and Colin Dixon},
  title   = {Home Automation in the Wild: Challenges and Opportunities},
  institution = {Microsoft Research, University of Washington},
  year      = {2011},
  url = {http://dl.acm.org/citation.cfm?id=1979249},
  urldate = {2015-24-09}
}


@article{Allahviranloo201316,
title = "Daily activity pattern recognition by using support vector machines with multiple classes ",
journal = "Transportation Research Part B: Methodological ",
volume = "58",
pages = "16 - 43",
year = "2013",
issn = "0191-2615",
doi = "http://dx.doi.org/10.1016/j.trb.2013.09.008",
url = "http://www.sciencedirect.com/science/article/pii/S0191261513001689",
author = "Mahdieh Allahviranloo and Will Recker",
keywords = "Activity pattern recognition",
keywords = "Activity sequence",
keywords = "Support Vector Machines (SVMs)",
keywords = "Hidden Markov Models (HMMs) "
}

@techreport{AdaptiveInterviews,
  author  = {Rayoung Yang and Mark W. Newman},
  title   = {Learning from a Learning Thermostat: Lessons for Intelligent Systems for the Home},
  institution = {School of Information, University of Michigan},
  year      = {2013},
  url = {http://dl.acm.org/citation.cfm?id=2493489},
  urldate = {2015-24-09}
}

@UNPUBLISHED{hcsr04,
  title = {Ultrasonic Ranging Module HC - SR04},
  institution = {ELEC Freaks},
  url = {micropik.com/PDF/HCSR04.pdf},
  urldate = {2015-29-10}
}

@book{sommerville,
  author = {Ian Sommerville},
  publisher = {Pearson},
  title = {Software Engineering},
  year = 2010,
  edition = 9
}

@book{OOAD,
  author = {Lars Mathiassen and Andreas Munk-Madsen and Peter Axel Nielsen and Jan Stage},
  publisher = {Marko},
  title = {Objektorienteret analyse og design},
  year = 2001,
  edition = 3
}

@online{pulldown_resistor,
  author = {Kevin Ross},
  title = {Very Basic Circuits},
  year = 2015,
  url = {http://www.seattlerobotics.org/encoder/mar97/basics.html},
  urldate = {2015-10-04}
}

@online{compatible_products,
  author = {HomeSeer},
  title = {Homeseer Compatible Products},
  year = 2015,
  url= { http://www.homeseer.com/compatible-products.html},
  urldate = {2015-10-23}
}

@online{quick_guide,
  author ={HomeSeer},
  title = {HomeSeer HS3 Quick-Start Guide},
  year = 2015, 
  url={http://www.homeseer.com/guides/HomeSeer-QuickStart-Guide.pdf},
  urldate={2015-10-23}
}

@online{control4,
  author={Control4},
  title={Control4},
  year=2015,
  url={http://www.control4.com/},
  urldate={2015-10-23}
}

@online{ultrasound,
  author = {jwilans},
  title = {Ultrasound},
  year = 2011,
  url = {http://www.sensorwiki.org/doku.php/sensors/ultrasound},
  urldate = {2015-10-29}
}

@online{ultrasound2,
  author = {jwilans},
  title = {Ultrasound},
  year = 2011,
  url = {https://www.nde-ed.org/EducationResources/HighSchool/Sound/ultrasound.htm},
  urldate = {2015-10-29}
}

@online{xbee_latency,
  author = {Digi},
  title = {Sending data through an 802.15.4 network latency timing.},
  year = 2015,
  url = {http://knowledge.digi.com/articles/Knowledge_Base_Article/Sending-data-through-an-802-15-4-network-latency-timing},
  urldate = {2015-12-16}
}

@book{DEB,
  author = {David Benyan and Phil Turner and Susan Turner},
  publisher = {Addison-Wesley},
  year = 2015,
  edition = 3}
}

@article{hmmIntroduction,
title = "A Revealing Introduction to Hidden Markov Models",
year = "2015",
url = "https://www.cs.sjsu.edu/~stamp/RUA/HMM.pdf",
author = "Mark Stamp",
urldate = {2015-12-15}
}

@book{russell2010artificial,
  title={Artificial Intelligence: A Modern Approach},
  author={Russell, S.J. and Norvig, P.},
  isbn={9780136042594},
  lccn={2011288031},
  series={Prentice Hall series in artificial intelligence},
  year={2010},
  publisher={Prentice Hall}
}

@online{jakobnielsen,
  author = {Jakob Nielsen},
  title = {Response Time: The 3 Important Limit },
  year = 1993,
  url = {https://www.nngroup.com/articles/response-times-3-important-limits/},
  urldate = {2015-12-20}
}
